@inproceedings{levine2016learning,
  title={Learning hand-eye coordination for robotic grasping with large-scale data collection},
  author={Levine, Sergey and Pastor, Peter and Krizhevsky, Alex and Quillen, Deirdre},
  booktitle={International Symposium on Experimental Robotics},
  pages={173--184},
  year={2016},
  organization={Springer}
}