@article{medical1,
  title={Data science in healthcare: implications for early career investigators},
  author={Bhavnani, Sanjeev P and Mu{\~n}oz, Daniel and Bagai, Akshay},
  journal={Circulation: Cardiovascular Quality and Outcomes},
  volume={9},
  number={6},
  pages={683--687},
  year={2016},
  publisher={Am Heart Assoc}
}

@article{medical2,
  title={Big Data Science and its Applications in Health and Medical Research: Challenges and Opportunities},
  author={Liang, Y and Kelemen, A},
  journal={Austin Journal of Biometrics \& Biostatistics},
  volume={7},
  number={3},
  year={2016}
}

@article{media1,
  title={Data Science and Social Network: Big Data, Small World},
  author={Xiao-fan, WANG},
  journal={Science and Society},
  volume={1},
  pages={003},
  year={2014}
}

@phdthesis{media2,
  title={Data science for modeling opinion dynamics on social media},
  author={Vande Kerckhove, Corentin},
  year={2017},
  school={UCL-Universit{\'e} Catholique de Louvain}
}

@article{finance,
  title={Data science and political economy: application to financial regulatory structure},
  author={Oâ€™Halloran, Sharyn and Maskey, Sameer and McAllister, Geraldine and Park, David K and Chen, Kaiping},
  journal={RSF},
  year={2016},
  publisher={Russell Sage Foundation}
}

@misc{Dataset,
author = "Dheeru, Dua and Karra Taniskidou, Efi",
year = "2017",
title = "{UCI} Machine Learning Repository",
url = "http://archive.ics.uci.edu/ml",
institution = "University of California, Irvine, School of Information and Computer Sciences"
}

@Misc{python,
howpublished = {\url{https://www.python.org/}},
title = {Python},
}

@Misc{notebook,
howpublished = {\url{http://jupyter.org/}},
title = {Jupyter Notebook},
}


@Misc{numpy,
howpublished = {\url{http://www.numpy.org/}},
title = {Numpy},
}

@Misc{matplotlib,
howpublished = {\url{https://matplotlib.org/}},
title = {matplotlib},
}

@Misc{pandas,
howpublished = {\url{http://pandas.pydata.org/}},
title = {Pandas},
}

@Misc{scipy,
howpublished = {\url{https://www.scipy.org/}},
title = {scipy},
}

@Misc{sklearn,
howpublished = {\url{http://scikit-learn.org/stable/}},
title = {scikit-learn},
}

@inproceedings{relu,
  title={Rectified linear units improve restricted boltzmann machines},
  author={Nair, Vinod and Hinton, Geoffrey E},
  booktitle={Proceedings of the 27th international conference on machine learning (ICML-10)},
  pages={807--814},
  year={2010}
}

@article{adam,
  title={Adam: A method for stochastic optimization},
  author={Kingma, Diederik and Ba, Jimmy},
  journal={arXiv preprint arXiv:1412.6980},
  year={2014}
}

@Misc{optim_example,
howpublished = {\url{http://cs231n.github.io/neural-networks-3/}},
title = {CS231n: Convolutional Neural Networks for Visual Recognition}
}

@Misc{bench,
howpublished = {\url{http://archive.ics.uci.edu/ml/machine-learning-databases/adult/adult.names}},
title = {adult.names}
}